@article{who,
  title={World report on disability},
  author={{World Health Organization}},
  journal={World Health Organization},
  year={2011},
  url={https://www.who.int/publications/i/item/9789241564182}
}

@article{accessibility-barriers,
  title={Digital accessibility: Challenges and opportunities},
  author={Lazar, Jonathan and Goldstein, Daniel F and Taylor, Anne},
  journal={IEEE Internet Computing},
  volume={19},
  number={2},
  pages={88--91},
  year={2015},
  publisher={IEEE}
}

@article{ms-accessibility,
  title={Accessibility support for Office file formats},
  author={{Microsoft Corporation}},
  year={2023},
  url={https://support.microsoft.com/en-us/office/accessibility-support-for-office-file-formats-0d18d2b9-b84b-4518-a134-1bc20c5e002a}
}

@article{udl,
  title={Universal design for learning: Theory and practice},
  author={Meyer, Anne and Rose, David H and Gordon, David},
  publisher={CAST Professional Publishing},
  year={2014}
}

@article{section508,
  title={Section 508 of the Rehabilitation Act},
  author={{U.S. General Services Administration}},
  year={2023},
  url={https://www.section508.gov/}
}

@article{python-pptx,
  title={python-pptx: Python library for creating and updating PowerPoint (.pptx) files},
  author={Canny, Steve},
  url={https://python-pptx.readthedocs.io/},
  year={2020}
}

@article{streamlit,
  title={Streamlit: A faster way to build and share data apps},
  author={{Streamlit Inc.}},
  url={https://streamlit.io/},
  year={2023}
}

@article{ollama,
  title={Ollama: Get up and running with large language models locally},
  author={{Ollama}},
  url={https://ollama.ai/},
  year={2023}
}

@article{llava,
  title={Visual instruction tuning},
  author={Liu, Haotian and Li, Chunyuan and Wu, Qingyang and Lee, Yong Jae},
  journal={arXiv preprint arXiv:2304.08485},
  year={2023}
}

@article{wcag,
  title={Web Content Accessibility Guidelines (WCAG) 2.1},
  author={{W3C}},
  url={https://www.w3.org/TR/WCAG21/},
  year={2018}
} 